@article{Sweetser2005flow,
 author = {Sweetser, Penelope and Wyeth, Peta},
 title = {GameFlow: A Model for Evaluating Player Enjoyment in Games},
 journal = {Comput. Entertain.},
 issue_date = {July 2005},
 volume = {3},
 number = {3},
 month = jul,
 year = {2005},
 issn = {1544-3574},
 pages = {3--3},
 numpages = {1},
 url = {http://doi.acm.org/10.1145/1077246.1077253},
 doi = {10.1145/1077246.1077253},
 acmid = {1077253},
 publisher = {ACM},
 address = {New York, NY, USA},
 keywords = {enjoyment, evaluation, flow, games},
}

@article{Fu2009EGameFlow,
title = "EGameFlow: A scale to measure learnersâ€™ enjoyment of e-learning games ",
journal = "Computers \& Education ",
volume = "52",
number = "1",
pages = "101 - 112",
year = "2009",
note = "",
issn = "0360-1315",
doi = "http://dx.doi.org/10.1016/j.compedu.2008.07.004",
url = "http://www.sciencedirect.com/science/article/pii/S0360131508001024",
author = "Fong-Ling Fu and Rong-Chang Su and Sheng-Chin Yu",
keywords = "Media in education",
keywords = "Interactive learning environments",
keywords = "Teaching/learning strategy",
keywords = "Application in applications in subject areas",
keywords = "Distance education and telelearning ",
}

@article {Tamborini2010definemedia,
author = {Tamborini, Ron and Bowman, Nicholas David and Eden, Allison and Grizzard, Matthew and Organ, Ashley},
title = {Defining Media Enjoyment as the Satisfaction of Intrinsic Needs},
journal = {Journal of Communication},
volume = {60},
number = {4},
publisher = {Blackwell Publishing Ltd},
issn = {1460-2466},
url = {http://dx.doi.org/10.1111/j.1460-2466.2010.01513.x},
doi = {10.1111/j.1460-2466.2010.01513.x},
pages = {758--777},
year = {2010},
}

@book{deci1985intrinsic,
  title={Intrinsic motivation and self-determination in human behavior},
  author={Deci, Edward L and Ryan, Richard M},
  year={1985},
  publisher={Springer Science \& Business Media}
}

@article{RyanDeci2000IntrinsicExtrinsic,
title = "Intrinsic and Extrinsic Motivations: Classic Definitions and New Directions ",
journal = "Contemporary Educational Psychology ",
volume = "25",
number = "1",
pages = "54 - 67",
year = "2000",
note = "",
issn = "0361-476X",
doi = "http://dx.doi.org/10.1006/ceps.1999.1020",
url = "http://www.sciencedirect.com/science/article/pii/S0361476X99910202",
author = "Richard M. Ryan and Edward L. Deci"
}

@article{RyanDeci2000bSDT,
archivePrefix = {arXiv},
arxivId = {gr-qc/0208024},
author = {Ryan, R.M. and Deci, E.L.},
eprint = {0208024},
institution = {Department of Clinical and Social Sciences in Psychology, University of Rochester, Rochester, NY 14627, USA. ryan@psych.rochester.edu},
issn = {0003-066X},
journal = {The American psychologist},
number = {1},
pages = {68--78},
pmid = {11392867},
primaryClass = {gr-qc},
title = {Self-determination theory and the facilitation of intrinsic motivation, social development, and well-being.},
volume = {55},
year = {2000}
}

@article{PrzybylskiRigbyRyan2010MotivationModelofGameEngagement,
author = {Przybylski, Andrew K. and Rigby, C. Scott and Ryan, Richard M.},
journal = {Review of General Psychology},
doi = {10.1037/a0019440},
isbn = {1089-2680 1939-1552},
issn = {1089-2680},
number = {2},
pages = {154--166},
title = {A motivational model of video game engagement.},
volume = {14},
year = {2010}
}

@techreport{Kocca2013WhitePaper,
author = {Korea Creative Content Agency},
title = {White Paper on Korean Games},
institution = {KOCCA},
month = {November},
year  = {2013},
pages = {23},
address = {\url{http://www.kocca.kr/knowledge/publication/indu/__icsFiles/afieldfile/2013/11/19/UM3mpLQqzHbm.pdf}},
note = {[Online; accessed 10-March-2015]}
}

@techreport{ESA2014WhitePaper,
author = {ipsos MediaCT},
title = {Essential Facts About the Computer and Video Game Industry},
institution = {Entertainment Software Association},
month = {April},
year  = {2014},
pages = {2},
address = {\url{http://www.theesa.com/wp-content/uploads/2014/10/ESA_EF_2014.pdf}},
note = {[Online; accessed 10-March-2015]}
}

@techreport{ESA2015WhitePaper,
author = {ipsos MediaCT},
title = {Essential Facts About the Computer and Video Game Industry},
institution = {Entertainment Software Association},
month = {April},
year  = {2015},
pages = {5},
address = {\url{http://www.theesa.com/wp-content/uploads/2015/04/ESA-Essential-Facts-2015.pdf}},
note = {[Online; accessed 10-May-2015]}
}

@techreport{NPD2014Report,
author = {NPD Group},
title = {Core Gaming 2014 Snapshot Report},
institution = {NPD Group},
month = {April},
year  = {2014},
pages = {2-3},
address = {\url{https://www.npd.com/lps/pdf/core-gaming-snapshot-report.pdf}},
note = {[Online; accessed 10-March-2015]}
}

@article{PrzybylskiRigbyRyan2006MotivationPullofGames,
year={2006},
issn={0146-7239},
journal={Motivation and Emotion},
volume={30},
number={4},
doi={10.1007/s11031-006-9051-8},
title={The Motivational Pull of Video Games: A Self-Determination Theory Approach},
url={http://dx.doi.org/10.1007/s11031-006-9051-8},
publisher={Springer US},
keywords={Computer games; Motivation; Self-determination theory},
author={Ryan, Richard M. and Rigby, C.Scott and Przybylski, Andrew},
pages={344-360},
language={English}
}

@book{RyanRigby2011glued,
  title={Glued to games: How video games draw us in and hold us spellbound},
  author={Ryan, R M and Rigby, C S},
  year={2011},
  publisher={Santa Barbara, CA: Praeger}
}

@article{Quick2014modeling,
  title={Modeling gameplay enjoyment, goal orientations, and individual characteristics},
  author={Quick, John M and Atkinson, Robert K},
  journal={International Journal of Game-Based Learning (IJGBL)},
  volume={4},
  number={2},
  pages={51--77},
  year={2014},
  publisher={IGI Global}
}

@PhdThesis{Quick2013ModelingEnjoyment,
author = {Quick, John},
title = {Modeling Gameplay Enjoyment through Feature Preferences,
Goal Orientations, Usage, and Gender},
school = {Arizona State University},
year = {2013}
}

@article{bostan2009playermotivations,
 author = {Bostan, Barbaros},
 title = {Player Motivations: A Psychological Perspective},
 journal = {Comput. Entertain.},
 issue_date = {June 2009},
 volume = {7},
 number = {2},
 month = jun,
 year = {2009},
 issn = {1544-3574},
 pages = {22:1--22:26},
 articleno = {22},
 numpages = {26},
 url = {http://doi.acm.org/10.1145/1541895.1541902},
 doi = {10.1145/1541895.1541902},
 acmid = {1541902},
 publisher = {ACM},
 address = {New York, NY, USA},
 keywords = {Games, player motivations, player psychology},
}

@inproceedings{Baldwin2014DynamicDifficulty,
 author = {Baldwin, Alexander and Johnson, Daniel and Wyeth, Peta A.},
 title = {The Effect of Multiplayer Dynamic Difficulty Adjustment on the Player Experience of Video Games},
 booktitle = {CHI '14 Extended Abstracts on Human Factors in Computing Systems},
 series = {CHI EA '14},
 year = {2014},
 isbn = {978-1-4503-2474-8},
 location = {Toronto, Ontario, Canada},
 pages = {1489--1494},
 numpages = {6},
 url = {http://doi.acm.org/10.1145/2559206.2581285},
 doi = {10.1145/2559206.2581285},
 acmid = {2581285},
 publisher = {ACM},
 address = {New York, NY, USA},
 keywords = {challenge, dda, dynamic difficulty adjustment, mdda, player experience, video games},
}

@article{Peng2012NeedSupportiveFeatures,
author = {Peng, Wei and Lin, Jih-Hsuan and Pfeiffer, Karin A. and Winn, Brian},
title = {Need Satisfaction Supportive Game Features as Motivational Determinants: An Experimental Study of a Self-Determination Theory Guided Exergame},
journal = {Media Psychology},
volume = {15},
number = {2},
pages = {175-196},
year = {2012},
doi = {10.1080/15213269.2012.673850}
}

@article{Sheldon2008Manipulating,
author = {Kennon M. Sheldon, Vincent Filak},
title = {Manipulating autonomy, competence, and relatedness support in a game-learning context: New evidence that all three needs matter},
journal = {British Journal of Social Psychology},
year = {2008},
volume = {47},
pages = {267-283}
}

@inproceedings{Aparicio2012GamificationMotivation,
 author = {Aparicio, Andr{\'e}s Francisco and Vela, Francisco Luis Guti{\'e}rrez and S\'{a}nchez, Jos{\'e} Luis Gonz\'{a}lez and Montes, Jos{\'e} Luis Isla},
 title = {Analysis and Application of Gamification},
 booktitle = {Proceedings of the 13th International Conference on Interaccion Persona-Ordenador},
 series = {INTERACCION '12},
 year = {2012},
 isbn = {978-1-4503-1314-8},
 location = {Elche, Spain},
 pages = {17:1--17:2},
 articleno = {17},
 numpages = {2},
 url = {http://doi.acm.org/10.1145/2379636.2379653},
 doi = {10.1145/2379636.2379653},
 acmid = {2379653},
 publisher = {ACM},
 address = {New York, NY, USA},
 keywords = {analysis, gamification, mechanics, methodology, motivation},
}

@inproceedings{McEwan2012ControlDevice,
 author = {McEwan, Mitchell and Johnson, Daniel and Wyeth, Peta and Blackler, Alethea},
 title = {Videogame Control Device Impact on the Play Experience},
 booktitle = {Proceedings of The 8th Australasian Conference on Interactive Entertainment: Playing the System},
 series = {IE '12},
 year = {2012},
 isbn = {978-1-4503-1410-7},
 location = {Auckland, New Zealand},
 pages = {18:1--18:3},
 articleno = {18},
 numpages = {3},
 url = {http://doi.acm.org/10.1145/2336727.2336745},
 doi = {10.1145/2336727.2336745},
 acmid = {2336745},
 publisher = {ACM},
 address = {New York, NY, USA},
 keywords = {control device, natural mapping, play experience, videogames},
}

@inproceedings{Yee2012GameMotivationScale,
 author = {Yee, Nick and Ducheneaut, Nicolas and Nelson, Les},
 title = {Online Gaming Motivations Scale: Development and Validation},
 booktitle = {Proceedings of the SIGCHI Conference on Human Factors in Computing Systems},
 series = {CHI '12},
 year = {2012},
 isbn = {978-1-4503-1015-4},
 location = {Austin, Texas, USA},
 pages = {2803--2806},
 numpages = {4},
 url = {http://doi.acm.org/10.1145/2207676.2208681},
 doi = {10.1145/2207676.2208681},
 acmid = {2208681},
 publisher = {ACM},
 address = {New York, NY, USA},
 keywords = {cross-cultural, online games, player motivations, scale development, scale validation, taxonomy},
}

@article{Lafreniere2012GamingMotivationScale,
title = "Development and validation of the Gaming Motivation Scale (GAMS) ",
journal = "Personality and Individual Differences ",
volume = "53",
number = "7",
pages = "827 - 831",
year = "2012",
note = "",
issn = "0191-8869",
doi = "http://dx.doi.org/10.1016/j.paid.2012.06.013",
url = "http://www.sciencedirect.com/science/article/pii/S0191886912003017",
author = "Marc-AndrÃ© K. LafreniÃ¨re and JÃ©rÃ©mie Verner-Filion and Robert J. Vallerand",
keywords = "Gaming motivation",
keywords = "Video games",
keywords = "Self-determination theory",
keywords = "Intrinsic motivation",
keywords = "Extrinsic motivation "
}

@article{Radel2013NeedRestoration,
year={2013},
issn={0146-7239},
journal={Motivation and Emotion},
volume={37},
number={2},
doi={10.1007/s11031-012-9308-3},
title={Restoration processes after need thwarting: When autonomy depends on competence},
url={http://dx.doi.org/10.1007/s11031-012-9308-3},
publisher={Springer US},
keywords={Autonomy; Need restoration; Self-determination theory; Perceived competence; Coping strategies},
author={Radel, RÃ©mi and Pelletier, Luc and Sarrazin, Philippe},
pages={234-244},
language={English}
}

@article{Partala2011SecondLife,
title = "Psychological needs and virtual worlds: Case Second Life ",
journal = "International Journal of Human-Computer Studies ",
volume = "69",
number = "12",
pages = "787 - 800",
year = "2011",
note = "",
issn = "1071-5819",
doi = "http://dx.doi.org/10.1016/j.ijhcs.2011.07.004",
url = "http://www.sciencedirect.com/science/article/pii/S1071581911000838",
author = "Timo Partala",
keywords = "Virtual worlds",
keywords = "Second Life",
keywords = "Psychological needs "
}

@inproceedings{Inchamnan2013MotivationGamePlayActivity,
 author = {Inchamnan, Wilawan and Wyeth, Peta},
 title = {Motivation During Videogame Play: Analysing Player Experience in Terms of Cognitive Action},
 booktitle = {Proceedings of The 9th Australasian Conference on Interactive Entertainment: Matters of Life and Death},
 series = {IE '13},
 year = {2013},
 isbn = {978-1-4503-2254-6},
 location = {Melbourne, Australia},
 pages = {6:1--6:9},
 articleno = {6},
 numpages = {9},
 url = {http://doi.acm.org/10.1145/2513002.2513010},
 doi = {10.1145/2513002.2513010},
 acmid = {2513010},
 publisher = {ACM},
 address = {New York, NY, USA},
 keywords = {PENS, expert review, player experience, puzzle games, videogame play},
}


@book{adams2013fundamentals,
  title={Fundamentals of game design},
  author={Adams, Ernest},
  year={2013},
  publisher={Pearson Education}
}

@book{schell2014art,
  title={The Art of Game Design: A book of lenses},
  author={Schell, Jesse},
  year={2014},
  publisher={CRC Press}
}

@inproceedings{hunicke2004mda,
  title={MDA: A formal approach to game design and game research},
  author={Hunicke, Robin and LeBlanc, Marc and Zubek, Robert},
  booktitle={Proceedings of the AAAI Workshop on Challenges in Game AI},
  volume={4},
  year={2004}
}

@inproceedings{Deterding2011Gamification,
 author = {Deterding, Sebastian and Dixon, Dan and Khaled, Rilla and Nacke, Lennart},
 title = {From Game Design Elements to Gamefulness: Defining "Gamification"},
 booktitle = {Proceedings of the 15th International Academic MindTrek Conference: Envisioning Future Media Environments},
 series = {MindTrek '11},
 year = {2011},
 isbn = {978-1-4503-0816-8},
 location = {Tampere, Finland},
 pages = {9--15},
 numpages = {7},
 url = {http://doi.acm.org/10.1145/2181037.2181040},
 doi = {10.1145/2181037.2181040},
 acmid = {2181040},
 publisher = {ACM},
 address = {New York, NY, USA},
 keywords = {alternate reality games, game-based technologies, gameful design, gamefulness, games, gamification, pervasive games, play, playful design, playfulness, serious games},
}

@article{Huang2013MotivationalGameFeatures,
title = "Impact of online instructional game features on college studentsâ€™ perceived motivational support and cognitive investment: A structural equation modeling study ",
journal = "The Internet and Higher Education ",
volume = "17",
number = "0",
pages = "58 - 68",
year = "2013",
note = "",
issn = "1096-7516",
doi = "http://dx.doi.org/10.1016/j.iheduc.2012.11.004",
url = "http://www.sciencedirect.com/science/article/pii/S1096751612000826",
author = "Wenhao David Huang and Tristan E. Johnson and Seung-Hyun Caleb Han",
keywords = "Digital game-based learning",
keywords = "Design",
keywords = "Motivational support",
keywords = "Cognitive investment",
keywords = "Structural equation modeling "
}

@article{yee2007motivations,
  title={Motivations for play in online games},
  author={Yee, Nick},
  journal={CyberPsychology {\&} behavior},
  volume={9},
  number={6},
  pages={772--775},
  year={2007},
  publisher={Mary Ann Liebert, Inc. 2 Madison Avenue Larchmont, NY 10538 USA}
}

@article{mcnamara2010intelligent,
  title={Intelligent tutoring and games (ITaG)},
  author={McNamara, Danielle S and Jackson, G Tanner and Graesser, AC},
  journal={Gaming for classroom-based learning: Digital role-playing as a motivator of study},
  pages={44--65},
  year={2010},
  publisher={IGI Global Hershey, PA}
}

@InProceedings{teh2013can,
  title={Can Work Be Fun? Improving Task Motivation and Help-Seeking Through Game Mechanics},
  author={Teh, Noelle and Schuff, David and Johnson, Steven and Geddes, Deanna},
  year={2013},
  booktitle={International Conference on Information Systems}
}

@article{malone1981toward,
  title={Toward a theory of intrinsically motivating instruction*},
  author={Malone, Thomas W},
  journal={Cognitive science},
  volume={5},
  number={4},
  pages={333--369},
  year={1981},
  publisher={Wiley Online Library}
}

@book{cameron2006rewards,
  title={Rewards and Intrinsic Motivation: Resolving the Controversy},
  author={Cameron, J. and Pierce, W.D.},
  isbn={9781593113834},
  url={http://books.google.com/books?id=2fURT3MHRq8C},
  year={2006},
  publisher={Information Age Publishing, Incorporated}
}

@incollection{Ryan2000Rewards,
title = "When rewards compete with nature: The undermining of intrinsic motivation and Self-Regulation ",
editor = "Harackiewicz, Carol SansoneJudith M. ",
booktitle = "Intrinsic and Extrinsic Motivation ",
publisher = "Academic Press",
edition = "",
address = "San Diego",
year = "2000",
pages = "13 - 54",
chapter = {2},
series = "Educational Psychology",
issn = "18716148",
doi = "http://dx.doi.org/10.1016/B978-012619070-0/50024-6",
url = "http://www.sciencedirect.com/science/article/pii/B9780126190700500246",
author = "Richard M. Ryan and Edward L. Deci"
}

@article{Filsecker2014ExternalRewards,
title = "A multilevel analysis of the effects of external rewards on elementary students' motivation, engagement and learning in an educational game ",
journal = "Computers {\&} Education ",
volume = "75",
number = "0",
pages = "136 - 148",
year = "2014",
note = "",
issn = "0360-1315",
doi = "http://dx.doi.org/10.1016/j.compedu.2014.02.008",
url = "http://www.sciencedirect.com/science/article/pii/S0360131514000426",
author = "Michael Filsecker and Daniel Thomas Hickey",
keywords = "Educational games",
keywords = "External rewards",
keywords = "Digital badges",
keywords = "Gamification",
keywords = "Motivation",
keywords = "Engagement "
}

@InProceedings{Scott2013MotivationReward,
author = {Nicholson, Scott},
title = {Two paths to motivation through game design elements: reward-based gamification and meaningful gamification},
booktitle = {iConference 2013},
publisher={iSchools},
url = "http://hdl.handle.net/2142/42082",
pages = {671-672},
year = {2013},
doi ="10.9776/13313"
}

@PhdThesis{Blair2011AchievementMotivation,
author = {Blair Lucas},
title = {The use of video game achievements to enhance player performance, self-efficacy, and motivation},
school = {University of Central Florida},
year = {2011},
url ="http://etd.fcla.edu/CF/CFE0004471/Dissertation_final.pdf"
}

@article{pierce2012RewardsPerformance,
  title={Positive effects of rewards and performance standards on intrinsic motivation},
  author={Pierce, W David and Cameron, Judy and Banko, Katherine M and So, Sylvia},
  journal={The Psychological Record},
  volume={53},
  number={4},
  pages={4},
  year={2012}
}

@article{Patall2014ChoiceCompetence,
title = "The role of competence in the effects of choice on motivation ",
journal = "Journal of Experimental Social Psychology ",
volume = "50",
number = "0",
pages = "27 - 44",
year = "2014",
note = "",
issn = "0022-1031",
doi = "http://dx.doi.org/10.1016/j.jesp.2013.09.002",
url = "http://www.sciencedirect.com/science/article/pii/S0022103113001571",
author = "Erika A. Patall and Breana J. Sylvester and Cheon-woo Han",
keywords = "Choice",
keywords = "Autonomy support",
keywords = "Perceived competence",
keywords = "Motivation",
keywords = "Self-determination "
}

@article{Katz2007ChoiceMotivation,
year={2007},
issn={1040-726X},
journal={Educational Psychology Review},
volume={19},
number={4},
doi={10.1007/s10648-006-9027-y},
title={When Choice Motivates and When It Does Not},
url={http://dx.doi.org/10.1007/s10648-006-9027-y},
publisher={Springer US},
keywords={Autonomy support; Provision of choice; Motivation; Self-determination theory; Psychological needs},
author={Katz, Idit and Assor, Avi},
pages={429-442},
language={English}
}

@article{Schmierbach2014DifficultyMotivation,
    author = {Schmierbach, Mike and Chung, Mun-Young and Wu, Mu and Kim, Keunyeong},
    citeulike-article-id = {13312054},
    citeulike-linkout-0 = {http://dx.doi.org/10.1027/1864-1105/a000120},
    citeulike-linkout-1 = {http://www.metapress.com/content/6853292r472360k7},
    day = {1},
    doi = {10.1027/1864-1105/a000120},
    issn = {2151-2388},
    journal = {Journal of Media Psychology: Theories, Methods, and Applications},
    keywords = {challenge, competence, difficulty, enjoyment, flow, multiplayer, self-determination\_theory, videogames},
    month = jan,
    number = {3},
    pages = {105--110},
    posted-at = {2014-07-31 15:55:58},
    priority = {2},
    title = {No One Likes to Lose: The Effect of Game Difficulty on Competency, Flow, and Enjoyment},
    url = {http://dx.doi.org/10.1027/1864-1105/a000120},
    volume = {26},
    year = {2014}
}

@article{cordova1996ChoiceMotivation,
  title={Intrinsic motivation and the process of learning: Beneficial effects of contextualization, personalization, and choice.},
  author={Cordova, Diana I and Lepper, Mark R},
  journal={Journal of educational psychology},
  volume={88},
  number={4},
  pages={715},
  year={1996},
  publisher={American Psychological Association}
}

@MastersThesis{Dennie2012AutonomyMotivation,
author = {Dennie, Trevor M.},
title = {Perception of autonomy and its effect on intrinsic motivation, immersion, and performance},
school = {Western Carolina University},
year = {2012}
}


@Unpublished{McNamara2010PointsFeedback,
author = {Natalie L. Davis and G. Tanner Jackson and Danielle S. McNamara},
title = {Game-based features: Not a cure-all band-aid for learning and motivation},
note = {\url{"ftp://129.219.222.66/pdf/Davis_Jackson_McNamara.pdf"}},
year = {2010}
}

@inproceedings{Mekler2013PointsLevesLeaderboards,
 author = {Mekler, Elisa D. and Br\"{u}hlmann, Florian and Opwis, Klaus and Tuch, Alexandre N.},
 title = {Do Points, Levels and Leaderboards Harm Intrinsic Motivation?: An Empirical Analysis of Common Gamification Elements},
 booktitle = {Proceedings of the First International Conference on Gameful Design, Research, and Applications},
 series = {Gamification '13},
 year = {2013},
 isbn = {978-1-4503-2815-9},
 location = {Toronto, Ontario, Canada},
 pages = {66--73},
 numpages = {8},
 url = {http://doi.acm.org/10.1145/2583008.2583017},
 doi = {10.1145/2583008.2583017},
 acmid = {2583017},
 publisher = {ACM},
 address = {New York, NY, USA},
 keywords = {game design elements, gameful design, gamification, motivation}
} 

@inproceedings{Kappen2013Kaleidoscope,
 author = {Kappen, Dennis L. and Nacke, Lennart E.},
 title = {The Kaleidoscope of Effective Gamification: Deconstructing Gamification in Business Applications},
 booktitle = {Proceedings of the First International Conference on Gameful Design, Research, and Applications},
 series = {Gamification '13},
 year = {2013},
 isbn = {978-1-4503-2815-9},
 location = {Toronto, Ontario, Canada},
 pages = {119--122},
 numpages = {4},
 url = {http://doi.acm.org/10.1145/2583008.2583029},
 doi = {10.1145/2583008.2583029},
 acmid = {2583029},
 publisher = {ACM},
 address = {New York, NY, USA},
 keywords = {gameplay, gamification, human factors, interaction design, player experience, self-determination theory, usability}
} 

@article{katz2014differentialEffect,
  title={Differential effect of motivational features on training improvements in school-based cognitive training},
  author={Katz, Benjamin and Jaeggi, Susanne and Buschkuehl, Martin and Stegman, Alyse and Shah, Priti},
  journal={Frontiers in human neuroscience},
  volume={8},
  year={2014},
  publisher={Frontiers Media SA}
}

@article{Deci2000GoalPursuit,
author = { Edward L.   Deci  and  Richard M.   Ryan },
title = {The "What" and "Why" of Goal Pursuits: Human Needs and the Self-Determination of Behavior},
journal = {Psychological Inquiry},
volume = {11},
number = {4},
pages = {227-268},
year = {2000},
doi = {10.1207/S15327965PLI1104\_01},
URL = { 
        http://dx.doi.org/10.1207/S15327965PLI1104_01    
},
eprint = { 
        http://dx.doi.org/10.1207/S15327965PLI1104_01
    
}
}

@article {Anderson1989FeedbackMotivation,
author = {Anderson, Susan and Rodin, Judith},
title = {Is Bad News Always Bad?: Cue and Feedback Effects on Intrinsic Motivation},
journal = {Journal of Applied Social Psychology},
volume = {19},
number = {6},
publisher = {Blackwell Publishing Ltd},
issn = {1559-1816},
url = {http://dx.doi.org/10.1111/j.1559-1816.1989.tb00067.x},
doi = {10.1111/j.1559-1816.1989.tb00067.x},
pages = {449--467},
year = {1989},
}

@article{Rawsthorne1999AchievementGoalsMotivation,
author = {Rawsthorne, Laird J. and Elliot, Andrew J.}, 
title = {Achievement Goals and Intrinsic Motivation: A Meta-Analytic Review},
volume = {3}, 
number = {4}, 
pages = {326-344}, 
year = {1999}, 
doi = {10.1207/s15327957pspr0304_3},
URL = {http://psr.sagepub.com/content/3/4/326.abstract}, 
eprint = {http://psr.sagepub.com/content/3/4/326.full.pdf+html}, 
journal = {Personality and Social Psychology Review} 
}


@article{Kluwer2001AchievementGoals,
year={2001},
issn={1040-726X},
journal={Educational Psychology Review},
volume={13},
number={2},
doi={10.1023/A:1009057102306},
title={Achievement Goals and the Hierarchical Model of Achievement Motivation},
url={http://dx.doi.org/10.1023/A%3A1009057102306},
publisher={Kluwer Academic Publishers},
keywords={achievement; motivation; goal; competence; approachâ€“avoidance},
author={Elliot, AndrewJ. and Thrash, ToddM.},
pages={139-156},
language={English}
}

@article{hsu2013designing,
  title={Designing attractive gamification features for collaborative storytelling websites},
  author={Hsu, Shang Hwa and Chang, Jen-Wei and Lee, Chun-Chia},
  journal={Cyberpsychology, Behavior, and Social Networking},
  volume={16},
  number={6},
  pages={428--435},
  year={2013},
  publisher={Mary Ann Liebert, Inc. 140 Huguenot Street, 3rd Floor New Rochelle, NY 10801 USA}
}

@article{Zagal2010TimeinGames,
 author = {Zagal, Jos{\'e} P. and Mateas, Michael},
 title = {Time in Video Games: A Survey and Analysis},
 journal = {Simul. Gaming},
 issue_date = {December  2010},
 volume = {41},
 number = {6},
 month = dec,
 year = {2010},
 issn = {1046-8781},
 pages = {844--868},
 numpages = {25},
 url = {http://dx.doi.org/10.1177/1046878110375594},
 doi = {10.1177/1046878110375594},
 acmid = {1924066},
 publisher = {Sage Publications, Inc.},
 address = {Thousand Oaks, CA, USA},
 keywords = {coordination, fictive time, gameworld time, real-time, real-world time, temporal analysis, temporal frame, temporality, time, turn-based, video games},
}

@incollection{Tavassolian2011TimeBalancing,
year={2011},
isbn={978-3-642-24499-5},
booktitle={Entertainment Computing â€“ ICEC 2011},
volume={6972},
series={Lecture Notes in Computer Science},
editor={Anacleto, JuniaCoutinho and Fels, Sidney and Graham, Nicholas and Kapralos, Bill and Saif El-Nasr, Magy and Stanley, Kevin},
doi={10.1007/978-3-642-24500-8_19},
title={Time Balancing with Adaptive Time-Variant Minigames},
url={http://dx.doi.org/10.1007/978-3-642-24500-8_19},
publisher={Springer Berlin Heidelberg},
keywords={Game balance; time balancing; minigames; adaptation},
author={Tavassolian, Amin and Stanley, KevinG. and Gutwin, Carl and Zohoorian, Aryan},
pages={173-185},
language={English}
}
@article{Cornillie2012CorrectiveFeedback,
 author = {Cornillie, Frederik and Clarebout, Geraldine and Desmet, Piet},
 title = {Between Learning and Playing? Exploring Learners' Perceptions of Corrective Feedback in an Immersive Game for English Pragmatics*},
 journal = {ReCALL},
 issue_date = {September 2012},
 volume = {24},
 number = {3},
 month = sep,
 year = {2012},
 issn = {0958-3440},
 pages = {257--278},
 numpages = {22},
 url = {http://dx.doi.org/10.1017/S0958344012000146},
 doi = {10.1017/S0958344012000146},
 acmid = {2431124},
 publisher = {Cambridge University Press},
 address = {New York, NY, USA},
 keywords = {error correction, feedback, game-based learning, intrinsic motivation, learners' perceptions, second language acquisition},
}

@article{hattie2007powerofFeedback,
  title={The power of feedback},
  author={Hattie, John and Timperley, Helen},
  journal={Review of educational research},
  volume={77},
  number={1},
  pages={81--112},
  year={2007},
  publisher={Sage Publications}
}

@article{vallerand1984FeedbackMotivation,
  title={On the causal effects of perceived competence on intrinsic motivation: A test of cognitive evaluation theory},
  author={Vallerand, Richard J and Reid, Greg},
  journal={Journal of Sport Psychology},
  volume={6},
  number={1},
  pages={94--102},
  year={1984}
}

@article{thompson2008behavioralChangeDesign,
  title={Serious video games for health: how behavioral science guided the design of a game on diabetes and obesity},
  author={Thompson, Debbe and Baranowski, Tom and Buday, Richard and Baranowski, Janice and Thompson, Victoria and Jago, Russell and Griffith, Melissa Juliano},
  journal={Simulation \& gaming},
  year={2008},
  publisher={SAGE Publications}
}


@article{Corpus2006SocialComparisonMasteryPraise,
year={2006},
issn={0146-7239},
journal={Motivation and Emotion},
volume={30},
number={4},
doi={10.1007/s11031-006-9039-4},
title={The Effects of Social-Comparison Versus Mastery Praise on Childrenâ€™s Intrinsic Motivation},
url={http://dx.doi.org/10.1007/s11031-006-9039-4},
publisher={Springer US},
keywords={Intrinsic motivation; Praise; Social Comparison; Mastery; Gender},
author={Corpus, JenniferHenderlong and Ogle, ChristinM. and Love-Geiger, KellyE.},
pages={333-343},
language={English}
}

@article{elliot2000competenceFeedback,
  title={Competence valuation as a strategic intrinsic motivation process},
  author={Elliot, Andrew J and Faler, Jennifer and McGregor, Holly A and Campbell, W Keith and Sedikides, Constantine and Harackiewicz, Judith M},
  journal={Personality and Social Psychology Bulletin},
  volume={26},
  number={7},
  pages={780--794},
  year={2000},
  publisher={Sage Publications}
}

@article{amabile1976timePressure,
  title={Effects of externally imposed deadlines on subsequent intrinsic motivation.},
  author={Amabile, Teresa M and DeJong, William and Lepper, Mark R},
  journal={Journal of personality and social psychology},
  volume={34},
  number={1},
  pages={92},
  year={1976},
  publisher={American Psychological Association}
}

@inproceedings{Linehan2009TimeDecisionMaking,
 author = {Linehan, Conor and Lawson, Shaun and Doughty, Mark and Kirman, Ben},
 title = {Developing a Serious Game to Evaluate and Train Group Decision Making Skills},
 booktitle = {Proceedings of the 13th International MindTrek Conference: Everyday Life in the Ubiquitous Era},
 series = {MindTrek '09},
 year = {2009},
 isbn = {978-1-60558-633-5},
 location = {Tampere, Finland},
 pages = {106--113},
 numpages = {8},
 url = {http://doi.acm.org/10.1145/1621841.1621861},
 doi = {10.1145/1621841.1621861},
 acmid = {1621861},
 publisher = {ACM},
 address = {New York, NY, USA},
 keywords = {collaborative games, education and learning, emergency management, game \& simulation design, management, paper prototyping, serious games, serious games methodologies}
} 

@article{BlohmL2013Gamification,
  added-at = {2013-08-16T00:00:00.000+0200},
  author = {Blohm, Ivo and Leimeister, Jan Marco},
  biburl = {http://www.bibsonomy.org/bibtex/2e9cabc3dbc0566f86f3bed30a89118c9/dblp},
  ee = {http://dx.doi.org/10.1007/s12599-013-0273-5},
  journal = {Business {\&} Information Systems Engineering},
  keywords = {dblp},
  number = 4,
  pages = {275-278},
  title = {Gamification - Design of IT-Based Enhancing Services for Motivational Support and Behavioral Change},
  url = {http://dblp.uni-trier.de/db/journals/bise/bise5.html#BlohmL13},
  volume = 5,
  year = 2013
}

@article{Amabile2002Creativity,
  title={Time pressure and creativity in organizations: A longitudinal field study},
  author={Amabile, Teresa M and Mueller, Jennifer S and Simpson, William B and Hadley, Constance N and Kramer, Steven J and Fleming, Lee and others},
  year={2002},
  month={April},
  publisher={Citeseer},
  journal={HBS Working Paper},
 volume={02-073}  
}

@TechReport{Bourne2003Stress,
  title={Stress and cognition: A cognitive psychological perspective},
  author={Bourne Jr, Lyle E and Yaroush, Rita A},
  year={2003},
  institution = {NASA Ames Research Center}
}

@inproceedings{Heeter2011PlayerTypes,
 author = {Heeter, Carrie and Lee, Yu-Hao and Medler, Ben and Magerko, Brian},
 title = {Beyond Player Types: Gaming Achievement Goal},
 booktitle = {Proceedings of the 2011 ACM SIGGRAPH Symposium on Video Games},
 series = {Sandbox '11},
 year = {2011},
 isbn = {978-1-4503-0775-8},
 location = {Vancouver, British Columbia, Canada},
 pages = {43--48},
 numpages = {6},
 url = {http://doi.acm.org/10.1145/2018556.2018565},
 doi = {10.1145/2018556.2018565},
 acmid = {2018565},
 publisher = {ACM},
 address = {New York, NY, USA},
 keywords = {achievement goal, exploration, motivation, player type, serious game}
} 

@inproceedings{Magerko2008IntelligentAdaptation,
 author = {Magerko, Brian and Heeter, Carrie and Fitzgerald, Joe and Medler, Ben},
 title = {Intelligent Adaptation of Digital Game-based Learning},
 booktitle = {Proceedings of the 2008 Conference on Future Play: Research, Play, Share},
 series = {Future Play '08},
 year = {2008},
 isbn = {978-1-60558-218-4},
 location = {Toronto, Ontario, Canada},
 pages = {200--203},
 numpages = {4},
 url = {http://doi.acm.org/10.1145/1496984.1497021},
 doi = {10.1145/1496984.1497021},
 acmid = {1497021},
 publisher = {ACM},
 address = {New York, NY, USA},
 keywords = {adaptive games, player types, user modeling},
}

@article{deci1971RewardFeedback,
  title={Effects of externally mediated rewards on intrinsic motivation.},
  author={Deci, Edward L},
  journal={Journal of personality and Social Psychology},
  volume={18},
  number={1},
  pages={105},
  year={1971},
  publisher={American Psychological Association}
}

@article{Locke1996ComplexGoalTime,
title = "Motivation through conscious goal setting ",
journal = "Applied and Preventive Psychology ",
volume = "5",
number = "2",
pages = "117 - 124",
year = "1996",
note = "",
issn = "0962-1849",
doi = "http://dx.doi.org/10.1016/S0962-1849(96)80005-9",
url = "http://www.sciencedirect.com/science/article/pii/S0962184996800059",
author = "Edwin A. Locke"
}

@article{zuckerman1978ChoicePuzzle,
  title={On the importance of self-determination for intrinsically-motivated behavior},
  author={Zuckerman, Miron and Porac, Joseph and Lathin, Drew and Deci, Edward L},
  journal={Personality and Social Psychology Bulletin},
  volume={4},
  number={3},
  pages={443--446},
  year={1978},
  publisher={Sage Publications}
}

@article{deci1987autonomy,
  title={The support of autonomy and the control of behavior.},
  author={Deci, Edward L and Ryan, Richard M},
  journal={Journal of personality and social psychology},
  volume={53},
  number={6},
  pages={1024},
  year={1987},
  publisher={American Psychological Association}
}

@incollection{romero2013time,
author = {Romero, Margarida and Usart, Mireia},
editor = {Sara De Freitas, Michela Ott, Maria Magdalena Popescu and Ioana Stanescu},
title = {Time Factor in the Curriculum Integration of Game-Based Learning},
pages = {248-66},
publisher = {Hershey: IGI Global},
year = {2013},
booktitle = {New Pedagogical Approaches in Game Enhanced Learning: Curriculum Integration}
}

@incollection{cummings2013optimizechoice,
author = {Cummings, James J. and Travis L. Ross},
editor = {Richard E. Ferdig},
title = {Optimizing the Psychological Benefits of Choice.},
pages = {142-57},
publisher = {Hershey: IGI Global},
year = {2013},
booktitle = {Design, Utilization, and Analysis of Simulations and Game-Based Educational Worlds}
}

@inproceedings{Lomas2013ChallengeOptimization,
 author = {Lomas, Derek and Patel, Kishan and Forlizzi, Jodi L. and Koedinger, Kenneth R.},
 title = {Optimizing Challenge in an Educational Game Using Large-scale Design Experiments},
 booktitle = {Proceedings of the SIGCHI Conference on Human Factors in Computing Systems},
 series = {CHI '13},
 year = {2013},
 isbn = {978-1-4503-1899-0},
 location = {Paris, France},
 pages = {89--98},
 numpages = {10},
 url = {http://doi.acm.org/10.1145/2470654.2470668},
 doi = {10.1145/2470654.2470668},
 acmid = {2470668},
 publisher = {ACM},
 address = {New York, NY, USA},
 keywords = {crowdsourcing, design, education, games}
} 

@incollection{Bankowski2014PanicRoom,
year={2014},
isbn={978-3-319-07787-1},
booktitle={Distributed, Ambient, and Pervasive Interactions},
volume={8530},
series={Lecture Notes in Computer Science},
editor={Streitz, Norbert and Markopoulos, Panos},
doi={10.1007/978-3-319-07788-8_23},
title={Panic Room: Experiencing Overload and Having Fun in the Process},
url={http://dx.doi.org/10.1007/978-3-319-07788-8_23},
publisher={Springer International Publishing},
author={Bankowski, BjÃ¶rn and Clausen, Thiemo and Ehmen, Dirk and Ernestus, Maximilian and Hasemann, Henning and Jura, Tobias and KrÃ¶ller, Alexander and Krupke, Dominik and Nikander, Marco},
pages={241-252},
language={English}
}

@article{bartle1996PlayerType,
  title={Hearts, clubs, diamonds, spades: Players who suit MUDs},
  author={Bartle, Richard},
  journal={Journal of MUD research},
  volume={1},
  number={1},
  pages={19},
  year={1996}
}

@article{boyle2012engagement,
  title={Engagement in digital entertainment games: A systematic review},
  author={Boyle, Elizabeth A and Connolly, Thomas M and Hainey, Thomas and Boyle, James M},
  journal={Computers in Human Behavior},
  volume={28},
  number={3},
  pages={771--780},
  year={2012},
  publisher={Elsevier}
}

@article{trepte2011pleasures,
  title={The pleasures of success: Game-related efficacy experiences as a mediator between player performance and game enjoyment},
  author={Trepte, Sabine and Reinecke, Leonard},
  journal={Cyberpsychology, Behavior, and Social Networking},
  volume={14},
  number={9},
  pages={555--557},
  year={2011},
  publisher={Mary Ann Liebert, Inc. 140 Huguenot Street, 3rd Floor New Rochelle, NY 10801 USA}
}

@incollection{klimmt2009player,
  title={Player performance, satisfaction, and video game enjoyment},
  author={Klimmt, Christoph and Blake, Christopher and Hefner, Doroth{\'e}e and Vorderer, Peter and Roth, Christian},
  booktitle={Entertainment Computing--ICEC 2009},
  pages={1--12},
  year={2009},
  publisher={Springer}
}

@article{Brockmyer2009GEQ,
title = "The development of the Game Engagement Questionnaire: A measure of engagement in video game-playing ",
journal = "Journal of Experimental Social Psychology ",
volume = "45",
number = "4",
pages = "624 - 634",
year = "2009",
note = "",
issn = "0022-1031",
doi = "http://dx.doi.org/10.1016/j.jesp.2009.02.016",
url = "http://www.sciencedirect.com/science/article/pii/S0022103109000444",
author = "Jeanne H. Brockmyer and Christine M. Fox and Kathleen A. Curtiss and Evan McBroom and Kimberly M. Burkhart and Jacquelyn N. Pidruzny",
keywords = "Video games",
keywords = "Violence",
keywords = "Measurement",
keywords = "Rasch",
keywords = "Psychological engagement",
keywords = "Immersion",
keywords = "Presence",
keywords = "Flow",
keywords = "Psychological absorption "
}

@InProceedings{jones1999can,
author = {Jones, Marshall G},
title = {What Can We Learn from Computer Games: Strategies for Learner Involvement},
booktitle = {Proceedings of selected research and development presentations at the national convention of the association for educational communications and technology (AECT)},
year = {1999},
OPTaddress = {St. Louis, MO},
month = {February},
}

@Misc{unityGame,
author = {Unity Technologies},
title = {Survival Shooter - Unity Essentials / Sample Projects},
address = {\url{https://www.assetstore.unity3d.com/en/#!/content/21028}},
year = {2014},
note = {[Online; accessed September-2014]}
}

@article{zeigarnik1938finished,
  title={On finished and unfinished tasks},
  author={Zeigarnik, Bluma},
  journal={A source book of Gestalt psychology},
  pages={300--314},
  year={1938}
}